<?xml version="1.0" encoding="UTF-8"?>
<collection xmlns:xsi="http://www.w3.org/2001/XMLSchema-instance" xsi:schemaLocation="http://www.loc.gov/MARC21/slim http://www.loc.gov/standards/marcxml/schema/MARC21slim.xsd" xmlns="http://www.loc.gov/MARC21/slim">
<record>
  <leader>00793cam a22002411  4500</leader>
  <controlfield tag="001">3072907</controlfield>
  <controlfield tag="003">NNC</controlfield>
  <controlfield tag="005">20160118123337.0</controlfield>
  <controlfield tag="008">010823s1893    ir            000 0 ara d</controlfield>
  <datafield tag="035" ind1=" " ind2=" ">
    <subfield code="a">(OCoLC)ocm47835067</subfield>
  </datafield>
  <datafield tag="035" ind1=" " ind2=" ">
    <subfield code="9">ATP5982CU</subfield>
  </datafield>
  <datafield tag="035" ind1=" " ind2=" ">
    <subfield code="a">(NNC)3072907</subfield>
  </datafield>
  <datafield tag="040" ind1=" " ind2=" ">
    <subfield code="a">ZCU</subfield>
    <subfield code="c">ZCU</subfield>
  </datafield>
  <datafield tag="041" ind1="0" ind2=" ">
    <subfield code="a">araper</subfield>
  </datafield>
  <datafield tag="099" ind1=" " ind2=" ">
    <subfield code="a">893.73</subfield>
    <subfield code="a">M284</subfield>
  </datafield>
  <datafield tag="100" ind1="1" ind2=" ">
    <subfield code="a">Maydānī, Aḥmad ibn Muḥammad,</subfield>
    <subfield code="d">-1124.</subfield>
  </datafield>
  <datafield tag="245" ind1="1" ind2="0">
    <subfield code="a">Kitāb al-Sāmī fī al-asāmī;</subfield>
    <subfield code="c">huwa min muṣannafāt al-Shaykh Abī-al-Faḍl Aḥmad ibn Muḥammad al-al-Maydānī.</subfield>
  </datafield>
  <datafield tag="260" ind1=" " ind2=" ">
    <subfield code="a">[Ṭihrān?,</subfield>
    <subfield code="c">1310 (1893)]</subfield>
  </datafield>
  <datafield tag="300" ind1=" " ind2=" ">
    <subfield code="a">[195] p. ;</subfield>
    <subfield code="c">24 cm.</subfield>
  </datafield>
  <datafield tag="500" ind1=" " ind2=" ">
    <subfield code="a">Lithographed.</subfield>
  </datafield>
  <datafield tag="500" ind1=" " ind2=" ">
    <subfield code="a">Dictionary, arranged according to topics, with Persian interpretations.</subfield>
  </datafield>
  <datafield tag="650" ind1=" " ind2="0">
    <subfield code="a">Arabic language</subfield>
    <subfield code="v">Dictionaries.</subfield>
  </datafield>
  <datafield tag="955" ind1=" " ind2=" ">
    <subfield code="b">CU58880143</subfield>
    <subfield code="d">off,glx</subfield>
    <subfield code="e">893.73 M284</subfield>
  </datafield>
</record>
</collection>